<?xml version="1.0" encoding="UTF-8"?><record xmlns="http://www.loc.gov/MARC21/slim" xmlns:cinclude="http://apache.org/cocoon/include/1.0" xmlns:zs="http://www.loc.gov/zing/srw/">
  <leader>00458nz  a2200145n  4500</leader>
  <controlfield tag="001">no2004089382</controlfield>
  <controlfield tag="003">DLC</controlfield>
  <controlfield tag="005">20040917052231.0</controlfield>
  <controlfield tag="008">040916n| acannaabn          |a aaa     c</controlfield>
  <datafield tag="010" ind1=" " ind2=" ">
    <subfield code="a">no2004089382</subfield>
  </datafield>
  <datafield tag="035" ind1=" " ind2=" ">
    <subfield code="a">(OCoLC)oca06444858</subfield>
  </datafield>
  <datafield tag="040" ind1=" " ind2=" ">
    <subfield code="a">IC</subfield>
    <subfield code="b">eng</subfield>
    <subfield code="c">IC</subfield>
  </datafield>
  <datafield tag="100" ind1="1" ind2=" ">
    <subfield code="a">Descartes, Rene패,</subfield>
    <subfield code="d">1596-1650.</subfield>
    <subfield code="t">Meditationes de prima philosophia.</subfield>
    <subfield code="l">Spanish</subfield>
  </datafield>
  <datafield tag="400" ind1="1" ind2=" ">
    <subfield code="a">Descartes, Rene패,</subfield>
    <subfield code="d">1596-1650.</subfield>
    <subfield code="t">Meditaciones metafi패sicas</subfield>
  </datafield>
  <datafield tag="670" ind1=" " ind2=" ">
    <subfield code="a">Meditaciones metafi패sicas, 1999.</subfield>
  </datafield>
</record>